<?xml version="1.0" encoding="UTF-8"?><collection xmlns="http://www.loc.gov/MARC21/slim"><record><leader>00410nam--2200145-i-4500</leader><controlfield tag="001">000043485</controlfield><controlfield tag="002">20161230</controlfield><controlfield tag="005">20170113184557</controlfield><controlfield tag="008">060222s1000------------r-----000-0-eng-d</controlfield><datafield ind1=" " ind2=" " tag="245"><subfield code="a">Table of hyberbolic sines and cosines x=2 to x=10</subfield></datafield><datafield ind1=" " ind2=" " tag="260"><subfield code="a">Washington</subfield><subfield code="b">U.S.Dep.Of Commerce</subfield><subfield code="c">1955</subfield></datafield><datafield ind1=" " ind2=" " tag="300"><subfield code="a">V+81 p</subfield></datafield><datafield ind1=" " ind2=" " tag="490"><subfield code="a">Nat.Bureau Of Standards, Appl.Math.Series</subfield></datafield><datafield ind1=" " ind2=" " tag="852"><subfield code="a">12633</subfield></datafield><datafield ind1=" " ind2=" " tag="CAT"><subfield code="a">SYS</subfield><subfield code="c">20170113</subfield><subfield code="h">184557</subfield></datafield></record></collection>